<?xml version="1.0" encoding="UTF-8"?><collection xmlns="http://www.loc.gov/MARC21/slim"><record><leader>00462nam--2200169-i-4500</leader><controlfield tag="001">000029791</controlfield><controlfield tag="002">20161230</controlfield><controlfield tag="005">20170108234818</controlfield><controlfield tag="008">060222s1000------------r-----000-0-eng-d</controlfield><datafield ind1=" " ind2=" " tag="040"><subfield code="a">IFIN-HH</subfield></datafield><datafield ind1=" " ind2=" " tag="080"><subfield code="a">539.12</subfield></datafield><datafield ind1="1" ind2=" " tag="100"><subfield code="a">Lovelace, C</subfield></datafield><datafield ind1="1" ind2="0" tag="245"><subfield code="a">Present and future of two-particle phenomenology</subfield><subfield code="c">C. Lovelace</subfield></datafield><datafield ind1=" " ind2=" " tag="260"><subfield code="a">New Brunswick, New Jersey</subfield><subfield code="b">Department Of Physics</subfield><subfield code="c">1972</subfield></datafield><datafield ind1=" " ind2=" " tag="300"><subfield code="a">32 p</subfield></datafield><datafield ind1=" " ind2=" " tag="852"><subfield code="a">34587</subfield><subfield code="c">539.12</subfield></datafield><datafield ind1=" " ind2=" " tag="CAT"><subfield code="a">SYS</subfield><subfield code="c">20170108</subfield><subfield code="h">234818</subfield></datafield></record></collection>